@article{bergstra2012random,
  title={Random search for hyper-parameter optimization},
  author={Bergstra, James and Bengio, Yoshua},
  journal={Journal of Machine Learning Research},
  volume={13},
  number={Feb},
  pages={281--305},
  year={2012}
}

@article{lecun2010mnist,
  title={MNIST handwritten digit database},
  author={LeCun, Yann and Cortes, Corinna and Burges, Christopher JC},
  journal={AT\&T Labs [Online]. Available: http://yann. lecun. com/exdb/mnist},
  volume={2},
  year={2010}
}

@incollection{bottou2010large,
  title={Large-scale machine learning with stochastic gradient descent},
  author={Bottou, L{\'e}on},
  booktitle={Proceedings of COMPSTAT'2010},
  pages={177--186},
  year={2010},
  publisher={Springer}
}

@article{ioffe2015batch,
  title={Batch normalization: Accelerating deep network training by reducing internal covariate shift},
  author={Ioffe, Sergey and Szegedy, Christian},
  journal={arXiv preprint arXiv:1502.03167},
  year={2015}
}

@article{ioffe2017batch,
  title={Batch Renormalization: Towards Reducing Minibatch Dependence in Batch-Normalized Models},
  author={Ioffe, Sergey},
  journal={arXiv preprint arXiv:1702.03275},
  year={2017}
}

@techreport{rosenblatt1961principles,
  title={Principles of neurodynamics. perceptrons and the theory of brain mechanisms},
  author={Rosenblatt, Frank},
  year={1961},
  institution={DTIC Document}
}
